@book{palau1,
    author    = {{Francois et Maguy} Palau},
    title     = "Le Rail en France: Les 80 Premieres Lignes, 1828-1851",
    year      = 1995,
    publisher = "Imprimerie Gauthier-Villars",
    address   = "Paris, France"
}

@book{palau2,
    author    = {{Francois et Maguy} Palau},
    title     = "Le Rail en France: Le Second Empire, Tome 1, 1852-1857",
    year      = 1998,
    publisher = "Imprimerie STEDI",
    address   = "Paris, France"
}

@book{palau3,
    author    = {{Francois et Maguy} Palau},
    title     = "Le Rail en France: Le Second Empire, Tome 2, 1858-1863",
    year      = 2001,
    publisher = "Imprimerie STEDI",
    address   = "Paris, France"
} 

@book{palau4,
    author    = {{Francois et Maguy} Palau},
    title     = "Le Rail en France: Le Second Empire, Tome 3, 1864-1870",
    year      = 2004,
    publisher = "Imprimerie STEDI",
    address   = "Paris, France"
}

@online{google,
  author = {{Google Developers}},
  title = {The Google Maps Geocoding API},
  year = 2016,
  url = {https://developers.google.com/maps/documentation/geocoding/}
}

@online{diva-gis,
  author = {Robert Hijmans},
  title = {DIVA-GIS},
  url = {http://www.diva-gis.org/},
  year = {2016}
}

@online{prices,
  author = {Bertrand Roehner},
  year = {2016},
  title = {Wheat Trade and Wheat Prices in France, 1486-1913},
  site = {Ann Arbor, MI: Inter-university Consortium for Political and Social Research},
  url = {http://doi.org/10.3886/ICPSR09777.v1}
}

@article{engelrogers,
  author = {Charles Engel and John H. Rogers},
  title = {How Wide is the Border?},
  year = {1996},
  journal = {American Economic Review},
  volume = {85},
  number = {5},
  pages = {1112 - 1124}
}

@article{johansen,
  author = {Soren Johansen and Katarina Juselius},
  title = {Maximum Likelihood Estimation And Inference On Cointegration -- With Applications To The Demand For Money},
  year = {1990},
  journal = {Oxford Bulletin of Economics and Statistics},
  volume = {52},
  number = {2},
  pages = {169 - 210}
}

@book{price,
  author = {Roger Price},
  title = {An Economic History of Modern France},
  year = {1981},
  address = {London},
  publisher = {Macmillan}
}

@article{thevenin,
  author = {Thomas Th\'{e}venin and Robert Schwartz and Loic Sapeta},
  title = {Mapping the Distortions in Time and Space: The French Railway Network 1830-1930},
  year = {2013},
  journal = {Historical Methods},
  volume = {46},
  number = {3},
  pages = {134-143}
}

@book{persson,
  author = {Kar Persson},
  title = {Grain Markets in Europe, 1500--1900},
  year = {1999},
  address = {Cambridge},
  publisher = {Cambridge University Press}
}

@book{ville,
  author = {Simon P. Ville},
  title = {Transport and the Development of the European Economy, 1750--1918},
  year = {1999},
  address = {New York},
  publisher = {St. Martin's Press}
}

@book{doukas,
  author = {Kimon A. Doukas},
  title = {The French Railroads and the State},
  year = {1945},
  address = {New York},
  publisher = {Columbia University Press}
}

@article{dunham,
  author = {Arthur L. Dunham},
  title = {How the First French Railways Were Planned},
  journal = {The Journal of Economic History},
  volume = {1},
  issue = {1},
  year = {1941},
  pages = {12-25}  
}

@book{clapham,
  author = {J. H. Clapham},
  title = {Economic Development of France and Germany, 1815-1914.},
  year = {1961},
  address = {Cambridge},
  publisher = {Cambridge University Press}
}

@article{hectoliter,
  author = {W.T. Greenway and C.A. Watson and G. Davis},
  title = {Factors for Converting Bushel Weight to Hectoliter Weight for Six Cereal Grains, Flax, and Soybeans},
  journal = {Cereal Chemistry},
  volume = {54},
  issue = {2},
  year = {1977},
  pages = {373 - 378}
}

@book{caron,
  author = {Francois Caron},
  title = {An Economic History of Modern France},
  address = {New York},
  publisher = {Columbia University Press},
  year = {1979}
}

@article{steinwender,
  author = {Claudia Steinwender},
  title = {Information Frictions and the Law of One Price: When the States and the Kingdom became United},
  journal = {Working Paper},
  year = {2015}
}

@article{anderson,
  author = {James Anderson and Eric {van Wincoop}},
  title = {Trade Costs},
  journal = {Journal of Economic Literature},
  volume = {42},
  issue = {September},
  year = {2004},
  pages = {691-751}
}

@article{head,
  author = {Keith Head and Thierry Mayer},
  title = {What Separates Us? Sources of Resistance to Globalization},
  journal = {Canadian Journal of Economics},
  volume = {46},
  issue = {4},
  year = {2013},
  pages = {1196-1231}
}

@article{jacks,
  author = {David Jacks and Krishna Pendakur},
  title = {Global Trade and the Maritime Revolution},
  journal = {The Review of Economic Statistics},
  volume = {92},
  issue = {4},
  pages = {745-755},
  year = {2010}
}

@article{goldberg,
  author = {Penelopi Goldberg and Frank Verboven},
  title = {The Evolution of Price Dispersion in European Car Markets},
  journal = {Review of Economic Studies},
  volume = {68},
  issue = {4},
  year = {2011},
  pages = {811-48}
}

@article{donaldson,
  author = {Dave Donaldson and Richard Hornbeck},
  title = {Railroads and American Economic Growth: A ``Market Access'' Approach},
  journal = {NBER Working Paper},
  year = {2015}
}